%YAML 1.1
%TAG !u! tag:unity3d.com,2011:
--- !u!1 &2819546831240381205
GameObject:
  m_ObjectHideFlags: 0
  m_CorrespondingSourceObject: {fileID: 0}
  m_PrefabInstance: {fileID: 0}
  m_PrefabAsset: {fileID: 0}
  serializedVersion: 6
  m_Component:
  - component: {fileID: 2819546831240381206}
  m_Layer: 0
  m_Name: Birds
  m_TagString: Untagged
  m_Icon: {fileID: 0}
  m_NavMeshLayer: 0
  m_StaticEditorFlags: 0
  m_IsActive: 0
--- !u!4 &2819546831240381206
Transform:
  m_ObjectHideFlags: 0
  m_CorrespondingSourceObject: {fileID: 0}
  m_PrefabInstance: {fileID: 0}
  m_PrefabAsset: {fileID: 0}
  m_GameObject: {fileID: 2819546831240381205}
  m_LocalRotation: {x: -0, y: -0, z: -0, w: 1}
  m_LocalPosition: {x: 0, y: 0.524, z: 0}
  m_LocalScale: {x: 1, y: 1, z: 1}
  m_Children:
  - {fileID: 2354172708120372681}
  - {fileID: 2354172708070045143}
  - {fileID: 2354172706425386886}
  - {fileID: 2354172707832404081}
  - {fileID: 6618403258148269575}
  - {fileID: 6265195163056655290}
  m_Father: {fileID: 2819546831496049955}
  m_RootOrder: 1
  m_LocalEulerAnglesHint: {x: 0, y: 0, z: 0}
--- !u!1 &2819546831496049954
GameObject:
  m_ObjectHideFlags: 0
  m_CorrespondingSourceObject: {fileID: 0}
  m_PrefabInstance: {fileID: 0}
  m_PrefabAsset: {fileID: 0}
  serializedVersion: 6
  m_Component:
  - component: {fileID: 2819546831496049955}
  m_Layer: 0
  m_Name: Tree&Effects
  m_TagString: Untagged
  m_Icon: {fileID: 0}
  m_NavMeshLayer: 0
  m_StaticEditorFlags: 0
  m_IsActive: 1
--- !u!4 &2819546831496049955
Transform:
  m_ObjectHideFlags: 0
  m_CorrespondingSourceObject: {fileID: 0}
  m_PrefabInstance: {fileID: 0}
  m_PrefabAsset: {fileID: 0}
  m_GameObject: {fileID: 2819546831496049954}
  m_LocalRotation: {x: -0, y: -0, z: -0, w: 1}
  m_LocalPosition: {x: 0.75, y: 0, z: -1.9}
  m_LocalScale: {x: 1, y: 1, z: 1}
  m_Children:
  - {fileID: 2354172706882528178}
  - {fileID: 2819546831240381206}
  m_Father: {fileID: 0}
  m_RootOrder: 0
  m_LocalEulerAnglesHint: {x: 0, y: 0, z: 0}
--- !u!136 &2819546831417082166
CapsuleCollider:
  m_ObjectHideFlags: 0
  m_CorrespondingSourceObject: {fileID: 0}
  m_PrefabInstance: {fileID: 0}
  m_PrefabAsset: {fileID: 0}
  m_GameObject: {fileID: 3161636022112450824}
  m_Material: {fileID: 0}
  m_IsTrigger: 1
  m_Enabled: 1
  m_Radius: 0.0022
  m_Height: 0.012
  m_Direction: 1
  m_Center: {x: 0, y: 0, z: 0}
--- !u!114 &2819546831417082165
MonoBehaviour:
  m_ObjectHideFlags: 0
  m_CorrespondingSourceObject: {fileID: 0}
  m_PrefabInstance: {fileID: 0}
  m_PrefabAsset: {fileID: 0}
  m_GameObject: {fileID: 3161636022112450824}
  m_Enabled: 1
  m_EditorHideFlags: 0
  m_Script: {fileID: 11500000, guid: ffc6efbebf2d04a4bace3299142f77bb, type: 3}
  m_Name: 
  m_EditorClassIdentifier: 
  green: {fileID: 2100000, guid: 77dc35abc81183844b9832863ef2e298, type: 2}
  tree: {fileID: 2100000, guid: af97a9b61068d434a9e4a40b24f54d2c, type: 2}
  magicCircle: {fileID: 0}
  scalable: 1
  doubleWave: 0
  scaleDuration: 1
  horizontalScaleMultiplayer: 1.2
  verticalScaleMultiplayer: 0.8
  blockJump: 1
  jumpPower: 2
  rotateable: 1
  rotationDuration: 1
  rotationAngle: 0
  rends: []
  eachMats: []
  fade: 1
  isColorFul: 0
  tinyEffect: {fileID: 2819546831240381205}
--- !u!114 &2819546831260439532
MonoBehaviour:
  m_ObjectHideFlags: 0
  m_CorrespondingSourceObject: {fileID: 0}
  m_PrefabInstance: {fileID: 0}
  m_PrefabAsset: {fileID: 0}
  m_GameObject: {fileID: 3161636022410276156}
  m_Enabled: 1
  m_EditorHideFlags: 0
  m_Script: {fileID: 11500000, guid: ea3cb37361407fc4f9e31ba93c2d4cff, type: 3}
  m_Name: 
  m_EditorClassIdentifier: 
  movementSpeed: 20
  leftWing: {fileID: 1427696070245598257}
  rightWing: {fileID: 5020047558250785933}
  maxWingAngle: 25
  wingSpeed: 10
--- !u!114 &2819546833169911975
MonoBehaviour:
  m_ObjectHideFlags: 0
  m_CorrespondingSourceObject: {fileID: 0}
  m_PrefabInstance: {fileID: 0}
  m_PrefabAsset: {fileID: 0}
  m_GameObject: {fileID: 3161636023284613835}
  m_Enabled: 1
  m_EditorHideFlags: 0
  m_Script: {fileID: 11500000, guid: ea3cb37361407fc4f9e31ba93c2d4cff, type: 3}
  m_Name: 
  m_EditorClassIdentifier: 
  movementSpeed: 20
  leftWing: {fileID: 432916647891001272}
  rightWing: {fileID: 165795746031844140}
  maxWingAngle: 25
  wingSpeed: 10
--- !u!114 &2819546832682129162
MonoBehaviour:
  m_ObjectHideFlags: 0
  m_CorrespondingSourceObject: {fileID: 0}
  m_PrefabInstance: {fileID: 0}
  m_PrefabAsset: {fileID: 0}
  m_GameObject: {fileID: 3161636024105271155}
  m_Enabled: 1
  m_EditorHideFlags: 0
  m_Script: {fileID: 11500000, guid: ea3cb37361407fc4f9e31ba93c2d4cff, type: 3}
  m_Name: 
  m_EditorClassIdentifier: 
  movementSpeed: 20
  leftWing: {fileID: 1427696068719367806}
  rightWing: {fileID: 5020047558837436098}
  maxWingAngle: 25
  wingSpeed: 10
--- !u!114 &2819546832630374287
MonoBehaviour:
  m_ObjectHideFlags: 0
  m_CorrespondingSourceObject: {fileID: 0}
  m_PrefabInstance: {fileID: 0}
  m_PrefabAsset: {fileID: 0}
  m_GameObject: {fileID: 3161636024122044269}
  m_Enabled: 1
  m_EditorHideFlags: 0
  m_Script: {fileID: 11500000, guid: ea3cb37361407fc4f9e31ba93c2d4cff, type: 3}
  m_Name: 
  m_EditorClassIdentifier: 
  movementSpeed: 20
  leftWing: {fileID: 432916648661316126}
  rightWing: {fileID: 165795746800834186}
  maxWingAngle: 25
  wingSpeed: 10
--- !u!114 &6039300769766186673
MonoBehaviour:
  m_ObjectHideFlags: 0
  m_CorrespondingSourceObject: {fileID: 0}
  m_PrefabInstance: {fileID: 0}
  m_PrefabAsset: {fileID: 0}
  m_GameObject: {fileID: 5805872323618108605}
  m_Enabled: 1
  m_EditorHideFlags: 0
  m_Script: {fileID: 11500000, guid: ea3cb37361407fc4f9e31ba93c2d4cff, type: 3}
  m_Name: 
  m_EditorClassIdentifier: 
  movementSpeed: 20
  leftWing: {fileID: 7539812111554534832}
  rightWing: {fileID: 4528426050795500812}
  maxWingAngle: 25
  wingSpeed: 10
--- !u!114 &7386604222243731138
MonoBehaviour:
  m_ObjectHideFlags: 0
  m_CorrespondingSourceObject: {fileID: 0}
  m_PrefabInstance: {fileID: 0}
  m_PrefabAsset: {fileID: 0}
  m_GameObject: {fileID: 6753606562604683520}
  m_Enabled: 1
  m_EditorHideFlags: 0
  m_Script: {fileID: 11500000, guid: ea3cb37361407fc4f9e31ba93c2d4cff, type: 3}
  m_Name: 
  m_EditorClassIdentifier: 
  movementSpeed: 20
  leftWing: {fileID: 8096281571501050995}
  rightWing: {fileID: 8364525976558135527}
  maxWingAngle: 25
  wingSpeed: 10
--- !u!1001 &2819546831545057826
PrefabInstance:
  m_ObjectHideFlags: 0
  serializedVersion: 2
  m_Modification:
    m_TransformParent: {fileID: 2819546831240381206}
    m_Modifications:
    - target: {fileID: -8679921383154817045, guid: 8025810f031e85f4291681059378094a, type: 3}
      propertyPath: m_RootOrder
      value: 0
      objectReference: {fileID: 0}
    - target: {fileID: -8679921383154817045, guid: 8025810f031e85f4291681059378094a, type: 3}
      propertyPath: m_LocalScale.x
      value: 1
      objectReference: {fileID: 0}
    - target: {fileID: -8679921383154817045, guid: 8025810f031e85f4291681059378094a, type: 3}
      propertyPath: m_LocalScale.y
      value: 1
      objectReference: {fileID: 0}
    - target: {fileID: -8679921383154817045, guid: 8025810f031e85f4291681059378094a, type: 3}
      propertyPath: m_LocalScale.z
      value: 1
      objectReference: {fileID: 0}
    - target: {fileID: -8679921383154817045, guid: 8025810f031e85f4291681059378094a, type: 3}
      propertyPath: m_LocalPosition.x
      value: 0
      objectReference: {fileID: 0}
    - target: {fileID: -8679921383154817045, guid: 8025810f031e85f4291681059378094a, type: 3}
      propertyPath: m_LocalPosition.y
      value: 0
      objectReference: {fileID: 0}
    - target: {fileID: -8679921383154817045, guid: 8025810f031e85f4291681059378094a, type: 3}
      propertyPath: m_LocalPosition.z
      value: 0
      objectReference: {fileID: 0}
    - target: {fileID: -8679921383154817045, guid: 8025810f031e85f4291681059378094a, type: 3}
      propertyPath: m_LocalRotation.w
      value: 1
      objectReference: {fileID: 0}
    - target: {fileID: -8679921383154817045, guid: 8025810f031e85f4291681059378094a, type: 3}
      propertyPath: m_LocalRotation.x
      value: 0
      objectReference: {fileID: 0}
    - target: {fileID: -8679921383154817045, guid: 8025810f031e85f4291681059378094a, type: 3}
      propertyPath: m_LocalRotation.y
      value: -0
      objectReference: {fileID: 0}
    - target: {fileID: -8679921383154817045, guid: 8025810f031e85f4291681059378094a, type: 3}
      propertyPath: m_LocalRotation.z
      value: -0
      objectReference: {fileID: 0}
    - target: {fileID: -8679921383154817045, guid: 8025810f031e85f4291681059378094a, type: 3}
      propertyPath: m_LocalEulerAnglesHint.x
      value: 0
      objectReference: {fileID: 0}
    - target: {fileID: -8679921383154817045, guid: 8025810f031e85f4291681059378094a, type: 3}
      propertyPath: m_LocalEulerAnglesHint.y
      value: 0
      objectReference: {fileID: 0}
    - target: {fileID: -8679921383154817045, guid: 8025810f031e85f4291681059378094a, type: 3}
      propertyPath: m_LocalEulerAnglesHint.z
      value: 0
      objectReference: {fileID: 0}
    - target: {fileID: -2122391350253962016, guid: 8025810f031e85f4291681059378094a, type: 3}
      propertyPath: m_LocalRotation.w
      value: 1
      objectReference: {fileID: 0}
    - target: {fileID: 919132149155446097, guid: 8025810f031e85f4291681059378094a, type: 3}
      propertyPath: m_Name
      value: Blue Bird
      objectReference: {fileID: 0}
    m_RemovedComponents: []
  m_SourcePrefab: {fileID: 100100000, guid: 8025810f031e85f4291681059378094a, type: 3}
--- !u!1 &3161636024105271155 stripped
GameObject:
  m_CorrespondingSourceObject: {fileID: 919132149155446097, guid: 8025810f031e85f4291681059378094a, type: 3}
  m_PrefabInstance: {fileID: 2819546831545057826}
  m_PrefabAsset: {fileID: 0}
--- !u!4 &2354172708120372681 stripped
Transform:
  m_CorrespondingSourceObject: {fileID: -8679921383154817045, guid: 8025810f031e85f4291681059378094a, type: 3}
  m_PrefabInstance: {fileID: 2819546831545057826}
  m_PrefabAsset: {fileID: 0}
--- !u!4 &5020047558837436098 stripped
Transform:
  m_CorrespondingSourceObject: {fileID: -2122391350253962016, guid: 8025810f031e85f4291681059378094a, type: 3}
  m_PrefabInstance: {fileID: 2819546831545057826}
  m_PrefabAsset: {fileID: 0}
--- !u!4 &1427696068719367806 stripped
Transform:
  m_CorrespondingSourceObject: {fileID: 3814892915674518620, guid: 8025810f031e85f4291681059378094a, type: 3}
  m_PrefabInstance: {fileID: 2819546831545057826}
  m_PrefabAsset: {fileID: 0}
--- !u!1001 &2819546831561839164
PrefabInstance:
  m_ObjectHideFlags: 0
  serializedVersion: 2
  m_Modification:
    m_TransformParent: {fileID: 2819546831240381206}
    m_Modifications:
    - target: {fileID: -8679921383154817045, guid: ae21c664180e6b74594a94887b9f445d, type: 3}
      propertyPath: m_RootOrder
      value: 1
      objectReference: {fileID: 0}
    - target: {fileID: -8679921383154817045, guid: ae21c664180e6b74594a94887b9f445d, type: 3}
      propertyPath: m_LocalScale.x
      value: 1
      objectReference: {fileID: 0}
    - target: {fileID: -8679921383154817045, guid: ae21c664180e6b74594a94887b9f445d, type: 3}
      propertyPath: m_LocalScale.y
      value: 1
      objectReference: {fileID: 0}
    - target: {fileID: -8679921383154817045, guid: ae21c664180e6b74594a94887b9f445d, type: 3}
      propertyPath: m_LocalScale.z
      value: 1
      objectReference: {fileID: 0}
    - target: {fileID: -8679921383154817045, guid: ae21c664180e6b74594a94887b9f445d, type: 3}
      propertyPath: m_LocalPosition.x
      value: 0
      objectReference: {fileID: 0}
    - target: {fileID: -8679921383154817045, guid: ae21c664180e6b74594a94887b9f445d, type: 3}
      propertyPath: m_LocalPosition.y
      value: 0
      objectReference: {fileID: 0}
    - target: {fileID: -8679921383154817045, guid: ae21c664180e6b74594a94887b9f445d, type: 3}
      propertyPath: m_LocalPosition.z
      value: 0
      objectReference: {fileID: 0}
    - target: {fileID: -8679921383154817045, guid: ae21c664180e6b74594a94887b9f445d, type: 3}
      propertyPath: m_LocalRotation.w
      value: 1
      objectReference: {fileID: 0}
    - target: {fileID: -8679921383154817045, guid: ae21c664180e6b74594a94887b9f445d, type: 3}
      propertyPath: m_LocalRotation.x
      value: 0
      objectReference: {fileID: 0}
    - target: {fileID: -8679921383154817045, guid: ae21c664180e6b74594a94887b9f445d, type: 3}
      propertyPath: m_LocalRotation.y
      value: -0
      objectReference: {fileID: 0}
    - target: {fileID: -8679921383154817045, guid: ae21c664180e6b74594a94887b9f445d, type: 3}
      propertyPath: m_LocalRotation.z
      value: -0
      objectReference: {fileID: 0}
    - target: {fileID: -8679921383154817045, guid: ae21c664180e6b74594a94887b9f445d, type: 3}
      propertyPath: m_LocalEulerAnglesHint.x
      value: 0
      objectReference: {fileID: 0}
    - target: {fileID: -8679921383154817045, guid: ae21c664180e6b74594a94887b9f445d, type: 3}
      propertyPath: m_LocalEulerAnglesHint.y
      value: 0
      objectReference: {fileID: 0}
    - target: {fileID: -8679921383154817045, guid: ae21c664180e6b74594a94887b9f445d, type: 3}
      propertyPath: m_LocalEulerAnglesHint.z
      value: 0
      objectReference: {fileID: 0}
    - target: {fileID: 919132149155446097, guid: ae21c664180e6b74594a94887b9f445d, type: 3}
      propertyPath: m_Name
      value: Green Bird
      objectReference: {fileID: 0}
    m_RemovedComponents: []
  m_SourcePrefab: {fileID: 100100000, guid: ae21c664180e6b74594a94887b9f445d, type: 3}
--- !u!1 &3161636024122044269 stripped
GameObject:
  m_CorrespondingSourceObject: {fileID: 919132149155446097, guid: ae21c664180e6b74594a94887b9f445d, type: 3}
  m_PrefabInstance: {fileID: 2819546831561839164}
  m_PrefabAsset: {fileID: 0}
--- !u!4 &2354172708070045143 stripped
Transform:
  m_CorrespondingSourceObject: {fileID: -8679921383154817045, guid: ae21c664180e6b74594a94887b9f445d, type: 3}
  m_PrefabInstance: {fileID: 2819546831561839164}
  m_PrefabAsset: {fileID: 0}
--- !u!4 &165795746800834186 stripped
Transform:
  m_CorrespondingSourceObject: {fileID: -6526827750126795594, guid: ae21c664180e6b74594a94887b9f445d, type: 3}
  m_PrefabInstance: {fileID: 2819546831561839164}
  m_PrefabAsset: {fileID: 0}
--- !u!4 &432916648661316126 stripped
Transform:
  m_CorrespondingSourceObject: {fileID: -6835604955573968862, guid: ae21c664180e6b74594a94887b9f445d, type: 3}
  m_PrefabInstance: {fileID: 2819546831561839164}
  m_PrefabAsset: {fileID: 0}
--- !u!1001 &2819546831799222170
PrefabInstance:
  m_ObjectHideFlags: 0
  serializedVersion: 2
  m_Modification:
    m_TransformParent: {fileID: 2819546831240381206}
    m_Modifications:
    - target: {fileID: -8679921383154817045, guid: b714c911021f33741aece883d1289ace, type: 3}
      propertyPath: m_RootOrder
      value: 3
      objectReference: {fileID: 0}
    - target: {fileID: -8679921383154817045, guid: b714c911021f33741aece883d1289ace, type: 3}
      propertyPath: m_LocalScale.x
      value: 1
      objectReference: {fileID: 0}
    - target: {fileID: -8679921383154817045, guid: b714c911021f33741aece883d1289ace, type: 3}
      propertyPath: m_LocalScale.y
      value: 1
      objectReference: {fileID: 0}
    - target: {fileID: -8679921383154817045, guid: b714c911021f33741aece883d1289ace, type: 3}
      propertyPath: m_LocalScale.z
      value: 1
      objectReference: {fileID: 0}
    - target: {fileID: -8679921383154817045, guid: b714c911021f33741aece883d1289ace, type: 3}
      propertyPath: m_LocalPosition.x
      value: 0
      objectReference: {fileID: 0}
    - target: {fileID: -8679921383154817045, guid: b714c911021f33741aece883d1289ace, type: 3}
      propertyPath: m_LocalPosition.y
      value: 0
      objectReference: {fileID: 0}
    - target: {fileID: -8679921383154817045, guid: b714c911021f33741aece883d1289ace, type: 3}
      propertyPath: m_LocalPosition.z
      value: 0
      objectReference: {fileID: 0}
    - target: {fileID: -8679921383154817045, guid: b714c911021f33741aece883d1289ace, type: 3}
      propertyPath: m_LocalRotation.w
      value: 1
      objectReference: {fileID: 0}
    - target: {fileID: -8679921383154817045, guid: b714c911021f33741aece883d1289ace, type: 3}
      propertyPath: m_LocalRotation.x
      value: 0
      objectReference: {fileID: 0}
    - target: {fileID: -8679921383154817045, guid: b714c911021f33741aece883d1289ace, type: 3}
      propertyPath: m_LocalRotation.y
      value: -0
      objectReference: {fileID: 0}
    - target: {fileID: -8679921383154817045, guid: b714c911021f33741aece883d1289ace, type: 3}
      propertyPath: m_LocalRotation.z
      value: -0
      objectReference: {fileID: 0}
    - target: {fileID: -8679921383154817045, guid: b714c911021f33741aece883d1289ace, type: 3}
      propertyPath: m_LocalEulerAnglesHint.x
      value: 0
      objectReference: {fileID: 0}
    - target: {fileID: -8679921383154817045, guid: b714c911021f33741aece883d1289ace, type: 3}
      propertyPath: m_LocalEulerAnglesHint.y
      value: 0
      objectReference: {fileID: 0}
    - target: {fileID: -8679921383154817045, guid: b714c911021f33741aece883d1289ace, type: 3}
      propertyPath: m_LocalEulerAnglesHint.z
      value: 0
      objectReference: {fileID: 0}
    - target: {fileID: 919132149155446097, guid: b714c911021f33741aece883d1289ace, type: 3}
      propertyPath: m_Name
      value: Yellow Bird
      objectReference: {fileID: 0}
    m_RemovedComponents: []
  m_SourcePrefab: {fileID: 100100000, guid: b714c911021f33741aece883d1289ace, type: 3}
--- !u!1 &3161636023284613835 stripped
GameObject:
  m_CorrespondingSourceObject: {fileID: 919132149155446097, guid: b714c911021f33741aece883d1289ace, type: 3}
  m_PrefabInstance: {fileID: 2819546831799222170}
  m_PrefabAsset: {fileID: 0}
--- !u!4 &2354172707832404081 stripped
Transform:
  m_CorrespondingSourceObject: {fileID: -8679921383154817045, guid: b714c911021f33741aece883d1289ace, type: 3}
  m_PrefabInstance: {fileID: 2819546831799222170}
  m_PrefabAsset: {fileID: 0}
--- !u!4 &165795746031844140 stripped
Transform:
  m_CorrespondingSourceObject: {fileID: -6526827750126795594, guid: b714c911021f33741aece883d1289ace, type: 3}
  m_PrefabInstance: {fileID: 2819546831799222170}
  m_PrefabAsset: {fileID: 0}
--- !u!4 &432916647891001272 stripped
Transform:
  m_CorrespondingSourceObject: {fileID: -6835604955573968862, guid: b714c911021f33741aece883d1289ace, type: 3}
  m_PrefabInstance: {fileID: 2819546831799222170}
  m_PrefabAsset: {fileID: 0}
--- !u!1001 &2819546832774513753
PrefabInstance:
  m_ObjectHideFlags: 0
  serializedVersion: 2
  m_Modification:
    m_TransformParent: {fileID: 2819546831496049955}
    m_Modifications:
    - target: {fileID: -8679921383154817045, guid: ddbc8d7058463f842b39f5484befb986, type: 3}
      propertyPath: m_RootOrder
      value: 0
      objectReference: {fileID: 0}
    - target: {fileID: -8679921383154817045, guid: ddbc8d7058463f842b39f5484befb986, type: 3}
      propertyPath: m_LocalScale.x
      value: 105.000015
      objectReference: {fileID: 0}
    - target: {fileID: -8679921383154817045, guid: ddbc8d7058463f842b39f5484befb986, type: 3}
      propertyPath: m_LocalScale.y
      value: 105
      objectReference: {fileID: 0}
    - target: {fileID: -8679921383154817045, guid: ddbc8d7058463f842b39f5484befb986, type: 3}
      propertyPath: m_LocalScale.z
      value: 105.000015
      objectReference: {fileID: 0}
    - target: {fileID: -8679921383154817045, guid: ddbc8d7058463f842b39f5484befb986, type: 3}
      propertyPath: m_LocalPosition.x
      value: 0
      objectReference: {fileID: 0}
    - target: {fileID: -8679921383154817045, guid: ddbc8d7058463f842b39f5484befb986, type: 3}
      propertyPath: m_LocalPosition.y
      value: 0.27
      objectReference: {fileID: 0}
    - target: {fileID: -8679921383154817045, guid: ddbc8d7058463f842b39f5484befb986, type: 3}
      propertyPath: m_LocalPosition.z
      value: 0
      objectReference: {fileID: 0}
    - target: {fileID: -8679921383154817045, guid: ddbc8d7058463f842b39f5484befb986, type: 3}
      propertyPath: m_LocalRotation.w
      value: 0.95105654
      objectReference: {fileID: 0}
    - target: {fileID: -8679921383154817045, guid: ddbc8d7058463f842b39f5484befb986, type: 3}
      propertyPath: m_LocalRotation.x
      value: -0
      objectReference: {fileID: 0}
    - target: {fileID: -8679921383154817045, guid: ddbc8d7058463f842b39f5484befb986, type: 3}
      propertyPath: m_LocalRotation.y
      value: 0.309017
      objectReference: {fileID: 0}
    - target: {fileID: -8679921383154817045, guid: ddbc8d7058463f842b39f5484befb986, type: 3}
      propertyPath: m_LocalRotation.z
      value: -0
      objectReference: {fileID: 0}
    - target: {fileID: -8679921383154817045, guid: ddbc8d7058463f842b39f5484befb986, type: 3}
      propertyPath: m_LocalEulerAnglesHint.x
      value: 0
      objectReference: {fileID: 0}
    - target: {fileID: -8679921383154817045, guid: ddbc8d7058463f842b39f5484befb986, type: 3}
      propertyPath: m_LocalEulerAnglesHint.y
      value: 36
      objectReference: {fileID: 0}
    - target: {fileID: -8679921383154817045, guid: ddbc8d7058463f842b39f5484befb986, type: 3}
      propertyPath: m_LocalEulerAnglesHint.z
      value: 0
      objectReference: {fileID: 0}
    - target: {fileID: -8580356899696726697, guid: ddbc8d7058463f842b39f5484befb986, type: 3}
      propertyPath: m_Materials.Array.data[0]
      value: 
      objectReference: {fileID: 2100000, guid: 13ad797ddcba70a4b8ff7ae160dba214, type: 2}
    - target: {fileID: -7555165723942756044, guid: ddbc8d7058463f842b39f5484befb986, type: 3}
      propertyPath: m_Materials.Array.data[0]
      value: 
      objectReference: {fileID: 2100000, guid: 13ad797ddcba70a4b8ff7ae160dba214, type: 2}
    - target: {fileID: -7383628928140733880, guid: ddbc8d7058463f842b39f5484befb986, type: 3}
      propertyPath: m_Materials.Array.data[0]
      value: 
      objectReference: {fileID: 2100000, guid: 13ad797ddcba70a4b8ff7ae160dba214, type: 2}
    - target: {fileID: -6624437619524917972, guid: ddbc8d7058463f842b39f5484befb986, type: 3}
      propertyPath: m_Materials.Array.data[0]
      value: 
      objectReference: {fileID: 2100000, guid: 13ad797ddcba70a4b8ff7ae160dba214, type: 2}
    - target: {fileID: -5627968275052529402, guid: ddbc8d7058463f842b39f5484befb986, type: 3}
      propertyPath: m_Materials.Array.data[0]
      value: 
      objectReference: {fileID: 2100000, guid: 8fb1a66c1ac624c428095f2ca8f010a4, type: 2}
    - target: {fileID: -4789198795751503859, guid: ddbc8d7058463f842b39f5484befb986, type: 3}
      propertyPath: m_Materials.Array.data[0]
      value: 
      objectReference: {fileID: 2100000, guid: 13ad797ddcba70a4b8ff7ae160dba214, type: 2}
    - target: {fileID: -4189666983775459532, guid: ddbc8d7058463f842b39f5484befb986, type: 3}
      propertyPath: m_Materials.Array.data[0]
      value: 
      objectReference: {fileID: 2100000, guid: 13ad797ddcba70a4b8ff7ae160dba214, type: 2}
    - target: {fileID: -3526341231056102793, guid: ddbc8d7058463f842b39f5484befb986, type: 3}
      propertyPath: m_Materials.Array.data[0]
      value: 
      objectReference: {fileID: 2100000, guid: 13ad797ddcba70a4b8ff7ae160dba214, type: 2}
    - target: {fileID: -3282173774413387504, guid: ddbc8d7058463f842b39f5484befb986, type: 3}
      propertyPath: m_Materials.Array.data[0]
      value: 
      objectReference: {fileID: 2100000, guid: 13ad797ddcba70a4b8ff7ae160dba214, type: 2}
    - target: {fileID: -1733557101200201959, guid: ddbc8d7058463f842b39f5484befb986, type: 3}
      propertyPath: m_Materials.Array.data[0]
      value: 
      objectReference: {fileID: 2100000, guid: 13ad797ddcba70a4b8ff7ae160dba214, type: 2}
    - target: {fileID: -1327844819938967292, guid: ddbc8d7058463f842b39f5484befb986, type: 3}
      propertyPath: m_Materials.Array.data[0]
      value: 
      objectReference: {fileID: 2100000, guid: 8fb1a66c1ac624c428095f2ca8f010a4, type: 2}
    - target: {fileID: -895306380916907690, guid: ddbc8d7058463f842b39f5484befb986, type: 3}
      propertyPath: m_Materials.Array.data[0]
      value: 
      objectReference: {fileID: 2100000, guid: 8fb1a66c1ac624c428095f2ca8f010a4, type: 2}
    - target: {fileID: -584964525046668233, guid: ddbc8d7058463f842b39f5484befb986, type: 3}
      propertyPath: m_Materials.Array.data[0]
      value: 
      objectReference: {fileID: 2100000, guid: 13ad797ddcba70a4b8ff7ae160dba214, type: 2}
    - target: {fileID: 919132149155446097, guid: ddbc8d7058463f842b39f5484befb986, type: 3}
      propertyPath: m_Name
      value: Tree
      objectReference: {fileID: 0}
    - target: {fileID: 919132149155446097, guid: ddbc8d7058463f842b39f5484befb986, type: 3}
      propertyPath: m_TagString
      value: Character
      objectReference: {fileID: 0}
    - target: {fileID: 1703474329449234140, guid: ddbc8d7058463f842b39f5484befb986, type: 3}
      propertyPath: m_Materials.Array.data[0]
      value: 
      objectReference: {fileID: 2100000, guid: 13ad797ddcba70a4b8ff7ae160dba214, type: 2}
    - target: {fileID: 3654128565967061795, guid: ddbc8d7058463f842b39f5484befb986, type: 3}
      propertyPath: m_Materials.Array.data[0]
      value: 
      objectReference: {fileID: 2100000, guid: 8fb1a66c1ac624c428095f2ca8f010a4, type: 2}
    - target: {fileID: 3963263467244741702, guid: ddbc8d7058463f842b39f5484befb986, type: 3}
      propertyPath: m_Materials.Array.data[0]
      value: 
      objectReference: {fileID: 2100000, guid: 8fb1a66c1ac624c428095f2ca8f010a4, type: 2}
    - target: {fileID: 4711408607515865960, guid: ddbc8d7058463f842b39f5484befb986, type: 3}
      propertyPath: m_Materials.Array.data[0]
      value: 
      objectReference: {fileID: 2100000, guid: 13ad797ddcba70a4b8ff7ae160dba214, type: 2}
    - target: {fileID: 4813170053577324698, guid: ddbc8d7058463f842b39f5484befb986, type: 3}
      propertyPath: m_Materials.Array.data[0]
      value: 
      objectReference: {fileID: 2100000, guid: 13ad797ddcba70a4b8ff7ae160dba214, type: 2}
    - target: {fileID: 5058659059529567389, guid: ddbc8d7058463f842b39f5484befb986, type: 3}
      propertyPath: m_Materials.Array.data[0]
      value: 
      objectReference: {fileID: 2100000, guid: 8fb1a66c1ac624c428095f2ca8f010a4, type: 2}
    - target: {fileID: 5700202223336567162, guid: ddbc8d7058463f842b39f5484befb986, type: 3}
      propertyPath: m_Materials.Array.data[0]
      value: 
      objectReference: {fileID: 2100000, guid: 13ad797ddcba70a4b8ff7ae160dba214, type: 2}
    - target: {fileID: 6774700667035642089, guid: ddbc8d7058463f842b39f5484befb986, type: 3}
      propertyPath: m_Materials.Array.data[0]
      value: 
      objectReference: {fileID: 2100000, guid: 8fb1a66c1ac624c428095f2ca8f010a4, type: 2}
    - target: {fileID: 7193936013680466754, guid: ddbc8d7058463f842b39f5484befb986, type: 3}
      propertyPath: m_Materials.Array.data[0]
      value: 
      objectReference: {fileID: 2100000, guid: 8fb1a66c1ac624c428095f2ca8f010a4, type: 2}
    - target: {fileID: 7366740189096286794, guid: ddbc8d7058463f842b39f5484befb986, type: 3}
      propertyPath: m_Materials.Array.data[0]
      value: 
      objectReference: {fileID: 2100000, guid: 13ad797ddcba70a4b8ff7ae160dba214, type: 2}
    - target: {fileID: 7632862562293744317, guid: ddbc8d7058463f842b39f5484befb986, type: 3}
      propertyPath: m_Materials.Array.data[0]
      value: 
      objectReference: {fileID: 2100000, guid: 13ad797ddcba70a4b8ff7ae160dba214, type: 2}
    - target: {fileID: 8389232584240813583, guid: ddbc8d7058463f842b39f5484befb986, type: 3}
      propertyPath: m_Materials.Array.data[0]
      value: 
      objectReference: {fileID: 2100000, guid: 8fb1a66c1ac624c428095f2ca8f010a4, type: 2}
    m_RemovedComponents: []
  m_SourcePrefab: {fileID: 100100000, guid: ddbc8d7058463f842b39f5484befb986, type: 3}
--- !u!4 &2354172706882528178 stripped
Transform:
  m_CorrespondingSourceObject: {fileID: -8679921383154817045, guid: ddbc8d7058463f842b39f5484befb986, type: 3}
  m_PrefabInstance: {fileID: 2819546832774513753}
  m_PrefabAsset: {fileID: 0}
--- !u!1 &3161636022112450824 stripped
GameObject:
  m_CorrespondingSourceObject: {fileID: 919132149155446097, guid: ddbc8d7058463f842b39f5484befb986, type: 3}
  m_PrefabInstance: {fileID: 2819546832774513753}
  m_PrefabAsset: {fileID: 0}
--- !u!1001 &2819546833206562925
PrefabInstance:
  m_ObjectHideFlags: 0
  serializedVersion: 2
  m_Modification:
    m_TransformParent: {fileID: 2819546831240381206}
    m_Modifications:
    - target: {fileID: -8679921383154817045, guid: 1e1789d1098e0a24ea6517d3ada11cb1, type: 3}
      propertyPath: m_RootOrder
      value: 2
      objectReference: {fileID: 0}
    - target: {fileID: -8679921383154817045, guid: 1e1789d1098e0a24ea6517d3ada11cb1, type: 3}
      propertyPath: m_LocalScale.x
      value: 1
      objectReference: {fileID: 0}
    - target: {fileID: -8679921383154817045, guid: 1e1789d1098e0a24ea6517d3ada11cb1, type: 3}
      propertyPath: m_LocalScale.y
      value: 1
      objectReference: {fileID: 0}
    - target: {fileID: -8679921383154817045, guid: 1e1789d1098e0a24ea6517d3ada11cb1, type: 3}
      propertyPath: m_LocalScale.z
      value: 1
      objectReference: {fileID: 0}
    - target: {fileID: -8679921383154817045, guid: 1e1789d1098e0a24ea6517d3ada11cb1, type: 3}
      propertyPath: m_LocalPosition.x
      value: 0
      objectReference: {fileID: 0}
    - target: {fileID: -8679921383154817045, guid: 1e1789d1098e0a24ea6517d3ada11cb1, type: 3}
      propertyPath: m_LocalPosition.y
      value: 0
      objectReference: {fileID: 0}
    - target: {fileID: -8679921383154817045, guid: 1e1789d1098e0a24ea6517d3ada11cb1, type: 3}
      propertyPath: m_LocalPosition.z
      value: 0
      objectReference: {fileID: 0}
    - target: {fileID: -8679921383154817045, guid: 1e1789d1098e0a24ea6517d3ada11cb1, type: 3}
      propertyPath: m_LocalRotation.w
      value: 1
      objectReference: {fileID: 0}
    - target: {fileID: -8679921383154817045, guid: 1e1789d1098e0a24ea6517d3ada11cb1, type: 3}
      propertyPath: m_LocalRotation.x
      value: 0
      objectReference: {fileID: 0}
    - target: {fileID: -8679921383154817045, guid: 1e1789d1098e0a24ea6517d3ada11cb1, type: 3}
      propertyPath: m_LocalRotation.y
      value: 0
      objectReference: {fileID: 0}
    - target: {fileID: -8679921383154817045, guid: 1e1789d1098e0a24ea6517d3ada11cb1, type: 3}
      propertyPath: m_LocalRotation.z
      value: 0
      objectReference: {fileID: 0}
    - target: {fileID: -8679921383154817045, guid: 1e1789d1098e0a24ea6517d3ada11cb1, type: 3}
      propertyPath: m_LocalEulerAnglesHint.x
      value: 0
      objectReference: {fileID: 0}
    - target: {fileID: -8679921383154817045, guid: 1e1789d1098e0a24ea6517d3ada11cb1, type: 3}
      propertyPath: m_LocalEulerAnglesHint.y
      value: 0
      objectReference: {fileID: 0}
    - target: {fileID: -8679921383154817045, guid: 1e1789d1098e0a24ea6517d3ada11cb1, type: 3}
      propertyPath: m_LocalEulerAnglesHint.z
      value: 0
      objectReference: {fileID: 0}
    - target: {fileID: 919132149155446097, guid: 1e1789d1098e0a24ea6517d3ada11cb1, type: 3}
      propertyPath: m_Name
      value: Red Bird
      objectReference: {fileID: 0}
    m_RemovedComponents: []
  m_SourcePrefab: {fileID: 100100000, guid: 1e1789d1098e0a24ea6517d3ada11cb1, type: 3}
--- !u!4 &1427696070245598257 stripped
Transform:
  m_CorrespondingSourceObject: {fileID: 3814892915674518620, guid: 1e1789d1098e0a24ea6517d3ada11cb1, type: 3}
  m_PrefabInstance: {fileID: 2819546833206562925}
  m_PrefabAsset: {fileID: 0}
--- !u!4 &2354172706425386886 stripped
Transform:
  m_CorrespondingSourceObject: {fileID: -8679921383154817045, guid: 1e1789d1098e0a24ea6517d3ada11cb1, type: 3}
  m_PrefabInstance: {fileID: 2819546833206562925}
  m_PrefabAsset: {fileID: 0}
--- !u!1 &3161636022410276156 stripped
GameObject:
  m_CorrespondingSourceObject: {fileID: 919132149155446097, guid: 1e1789d1098e0a24ea6517d3ada11cb1, type: 3}
  m_PrefabInstance: {fileID: 2819546833206562925}
  m_PrefabAsset: {fileID: 0}
--- !u!4 &5020047558250785933 stripped
Transform:
  m_CorrespondingSourceObject: {fileID: -2122391350253962016, guid: 1e1789d1098e0a24ea6517d3ada11cb1, type: 3}
  m_PrefabInstance: {fileID: 2819546833206562925}
  m_PrefabAsset: {fileID: 0}
--- !u!1001 &5870662785683270737
PrefabInstance:
  m_ObjectHideFlags: 0
  serializedVersion: 2
  m_Modification:
    m_TransformParent: {fileID: 2819546831240381206}
    m_Modifications:
    - target: {fileID: -8679921383154817045, guid: b714c911021f33741aece883d1289ace, type: 3}
      propertyPath: m_RootOrder
      value: 5
      objectReference: {fileID: 0}
    - target: {fileID: -8679921383154817045, guid: b714c911021f33741aece883d1289ace, type: 3}
      propertyPath: m_LocalScale.x
      value: 1
      objectReference: {fileID: 0}
    - target: {fileID: -8679921383154817045, guid: b714c911021f33741aece883d1289ace, type: 3}
      propertyPath: m_LocalScale.y
      value: 1
      objectReference: {fileID: 0}
    - target: {fileID: -8679921383154817045, guid: b714c911021f33741aece883d1289ace, type: 3}
      propertyPath: m_LocalScale.z
      value: 1
      objectReference: {fileID: 0}
    - target: {fileID: -8679921383154817045, guid: b714c911021f33741aece883d1289ace, type: 3}
      propertyPath: m_LocalPosition.x
      value: 0
      objectReference: {fileID: 0}
    - target: {fileID: -8679921383154817045, guid: b714c911021f33741aece883d1289ace, type: 3}
      propertyPath: m_LocalPosition.y
      value: 0
      objectReference: {fileID: 0}
    - target: {fileID: -8679921383154817045, guid: b714c911021f33741aece883d1289ace, type: 3}
      propertyPath: m_LocalPosition.z
      value: 0
      objectReference: {fileID: 0}
    - target: {fileID: -8679921383154817045, guid: b714c911021f33741aece883d1289ace, type: 3}
      propertyPath: m_LocalRotation.w
      value: 1
      objectReference: {fileID: 0}
    - target: {fileID: -8679921383154817045, guid: b714c911021f33741aece883d1289ace, type: 3}
      propertyPath: m_LocalRotation.x
      value: 0
      objectReference: {fileID: 0}
    - target: {fileID: -8679921383154817045, guid: b714c911021f33741aece883d1289ace, type: 3}
      propertyPath: m_LocalRotation.y
      value: -0
      objectReference: {fileID: 0}
    - target: {fileID: -8679921383154817045, guid: b714c911021f33741aece883d1289ace, type: 3}
      propertyPath: m_LocalRotation.z
      value: -0
      objectReference: {fileID: 0}
    - target: {fileID: -8679921383154817045, guid: b714c911021f33741aece883d1289ace, type: 3}
      propertyPath: m_LocalEulerAnglesHint.x
      value: 0
      objectReference: {fileID: 0}
    - target: {fileID: -8679921383154817045, guid: b714c911021f33741aece883d1289ace, type: 3}
      propertyPath: m_LocalEulerAnglesHint.y
      value: 0
      objectReference: {fileID: 0}
    - target: {fileID: -8679921383154817045, guid: b714c911021f33741aece883d1289ace, type: 3}
      propertyPath: m_LocalEulerAnglesHint.z
      value: 0
      objectReference: {fileID: 0}
    - target: {fileID: 919132149155446097, guid: b714c911021f33741aece883d1289ace, type: 3}
      propertyPath: m_Name
      value: Yellow Bird (1)
      objectReference: {fileID: 0}
    m_RemovedComponents: []
  m_SourcePrefab: {fileID: 100100000, guid: b714c911021f33741aece883d1289ace, type: 3}
--- !u!1 &6753606562604683520 stripped
GameObject:
  m_CorrespondingSourceObject: {fileID: 919132149155446097, guid: b714c911021f33741aece883d1289ace, type: 3}
  m_PrefabInstance: {fileID: 5870662785683270737}
  m_PrefabAsset: {fileID: 0}
--- !u!4 &8364525976558135527 stripped
Transform:
  m_CorrespondingSourceObject: {fileID: -6526827750126795594, guid: b714c911021f33741aece883d1289ace, type: 3}
  m_PrefabInstance: {fileID: 5870662785683270737}
  m_PrefabAsset: {fileID: 0}
--- !u!4 &8096281571501050995 stripped
Transform:
  m_CorrespondingSourceObject: {fileID: -6835604955573968862, guid: b714c911021f33741aece883d1289ace, type: 3}
  m_PrefabInstance: {fileID: 5870662785683270737}
  m_PrefabAsset: {fileID: 0}
--- !u!4 &6265195163056655290 stripped
Transform:
  m_CorrespondingSourceObject: {fileID: -8679921383154817045, guid: b714c911021f33741aece883d1289ace, type: 3}
  m_PrefabInstance: {fileID: 5870662785683270737}
  m_PrefabAsset: {fileID: 0}
--- !u!1001 &6652929148975729132
PrefabInstance:
  m_ObjectHideFlags: 0
  serializedVersion: 2
  m_Modification:
    m_TransformParent: {fileID: 2819546831240381206}
    m_Modifications:
    - target: {fileID: -8679921383154817045, guid: 8025810f031e85f4291681059378094a, type: 3}
      propertyPath: m_RootOrder
      value: 4
      objectReference: {fileID: 0}
    - target: {fileID: -8679921383154817045, guid: 8025810f031e85f4291681059378094a, type: 3}
      propertyPath: m_LocalScale.x
      value: 1
      objectReference: {fileID: 0}
    - target: {fileID: -8679921383154817045, guid: 8025810f031e85f4291681059378094a, type: 3}
      propertyPath: m_LocalScale.y
      value: 1
      objectReference: {fileID: 0}
    - target: {fileID: -8679921383154817045, guid: 8025810f031e85f4291681059378094a, type: 3}
      propertyPath: m_LocalScale.z
      value: 1
      objectReference: {fileID: 0}
    - target: {fileID: -8679921383154817045, guid: 8025810f031e85f4291681059378094a, type: 3}
      propertyPath: m_LocalPosition.x
      value: 0
      objectReference: {fileID: 0}
    - target: {fileID: -8679921383154817045, guid: 8025810f031e85f4291681059378094a, type: 3}
      propertyPath: m_LocalPosition.y
      value: 0
      objectReference: {fileID: 0}
    - target: {fileID: -8679921383154817045, guid: 8025810f031e85f4291681059378094a, type: 3}
      propertyPath: m_LocalPosition.z
      value: 0
      objectReference: {fileID: 0}
    - target: {fileID: -8679921383154817045, guid: 8025810f031e85f4291681059378094a, type: 3}
      propertyPath: m_LocalRotation.w
      value: 1
      objectReference: {fileID: 0}
    - target: {fileID: -8679921383154817045, guid: 8025810f031e85f4291681059378094a, type: 3}
      propertyPath: m_LocalRotation.x
      value: 0
      objectReference: {fileID: 0}
    - target: {fileID: -8679921383154817045, guid: 8025810f031e85f4291681059378094a, type: 3}
      propertyPath: m_LocalRotation.y
      value: -0
      objectReference: {fileID: 0}
    - target: {fileID: -8679921383154817045, guid: 8025810f031e85f4291681059378094a, type: 3}
      propertyPath: m_LocalRotation.z
      value: -0
      objectReference: {fileID: 0}
    - target: {fileID: -8679921383154817045, guid: 8025810f031e85f4291681059378094a, type: 3}
      propertyPath: m_LocalEulerAnglesHint.x
      value: 0
      objectReference: {fileID: 0}
    - target: {fileID: -8679921383154817045, guid: 8025810f031e85f4291681059378094a, type: 3}
      propertyPath: m_LocalEulerAnglesHint.y
      value: 0
      objectReference: {fileID: 0}
    - target: {fileID: -8679921383154817045, guid: 8025810f031e85f4291681059378094a, type: 3}
      propertyPath: m_LocalEulerAnglesHint.z
      value: 0
      objectReference: {fileID: 0}
    - target: {fileID: -2122391350253962016, guid: 8025810f031e85f4291681059378094a, type: 3}
      propertyPath: m_LocalRotation.w
      value: 1
      objectReference: {fileID: 0}
    - target: {fileID: 919132149155446097, guid: 8025810f031e85f4291681059378094a, type: 3}
      propertyPath: m_Name
      value: Blue Bird (1)
      objectReference: {fileID: 0}
    m_RemovedComponents: []
  m_SourcePrefab: {fileID: 100100000, guid: 8025810f031e85f4291681059378094a, type: 3}
--- !u!1 &5805872323618108605 stripped
GameObject:
  m_CorrespondingSourceObject: {fileID: 919132149155446097, guid: 8025810f031e85f4291681059378094a, type: 3}
  m_PrefabInstance: {fileID: 6652929148975729132}
  m_PrefabAsset: {fileID: 0}
--- !u!4 &6618403258148269575 stripped
Transform:
  m_CorrespondingSourceObject: {fileID: -8679921383154817045, guid: 8025810f031e85f4291681059378094a, type: 3}
  m_PrefabInstance: {fileID: 6652929148975729132}
  m_PrefabAsset: {fileID: 0}
--- !u!4 &4528426050795500812 stripped
Transform:
  m_CorrespondingSourceObject: {fileID: -2122391350253962016, guid: 8025810f031e85f4291681059378094a, type: 3}
  m_PrefabInstance: {fileID: 6652929148975729132}
  m_PrefabAsset: {fileID: 0}
--- !u!4 &7539812111554534832 stripped
Transform:
  m_CorrespondingSourceObject: {fileID: 3814892915674518620, guid: 8025810f031e85f4291681059378094a, type: 3}
  m_PrefabInstance: {fileID: 6652929148975729132}
  m_PrefabAsset: {fileID: 0}
